<record><leader>00000cas a22000007a 4500</leader><controlfield tag="001">17000743</controlfield><controlfield tag="008">871118d19uu19uumsuuu ne      0    0eng d</controlfield><datafield ind1=" " ind2=" " tag="010"><subfield code="a">sn 87065745 </subfield></datafield><datafield ind1=" " ind2=" " tag="040"><subfield code="a">MSJ</subfield><subfield code="b">eng</subfield><subfield code="c">MSJ</subfield><subfield code="d">OCLCQ</subfield></datafield><datafield ind1=" " ind2=" " tag="042"><subfield code="a">msc</subfield></datafield><datafield ind1="0" ind2="4" tag="245"><subfield code="a">The Corinth Christian.</subfield></datafield><datafield ind1=" " ind2=" " tag="260"><subfield code="a">[Corinth, Miss.] :</subfield><subfield code="b">G.R. Coleson</subfield></datafield><datafield ind1=" " ind2=" " tag="588"><subfield code="a">Description based on: May 1940.</subfield></datafield><datafield ind1=" " ind2=" " tag="752"><subfield code="a">United States</subfield><subfield code="b">Mississippi</subfield><subfield code="c">Alcorn</subfield><subfield code="d">Corinth.</subfield></datafield></record>